// Articles and Papers

@article{MARTIN201830,
title = "Docker ecosystem â€“ Vulnerability Analysis",
journal = "Computer Communications",
volume = "122",
pages = "30 - 43",
year = "2018",
issn = "0140-3664",
doi = "https://doi.org/10.1016/j.comcom.2018.03.011",
url = "http://www.sciencedirect.com/science/article/pii/S0140366417300956",
author = "A. Martin and S. Raponi and T. Combe and R. Di Pietro",
keywords = "Security, Containers, Docker, Virtual Machines, DevOps, Orchestration",
}

@article{DBLP:journals/corr/Bui15,
    author    = {Thanh Bui},
    title     = {Analysis of Docker Security},
    journal   = {CoRR},
    volume    = {abs/1501.02967},
    year      = {2015},
    url       = {http://arxiv.org/abs/1501.02967},
    archivePrefix = {arXiv},
    eprint    = {1501.02967},
    timestamp = {Mon, 13 Aug 2018 16:46:28 +0200},
    biburl    = {https://dblp.org/rec/bib/journals/corr/Bui15},
    bibsource = {dblp computer science bibliography, https://dblp.org}
}

@inproceedings{Shu:2017:SSV:3029806.3029832,
    author = {Shu, Rui and Gu, Xiaohui and Enck, William},
    title = {A Study of Security Vulnerabilities on Docker Hub},
    booktitle = {Proceedings of the Seventh ACM on Conference on Data and Application Security and Privacy},
    series = {CODASPY '17},
    year = {2017},
    isbn = {978-1-4503-4523-1},
    location = {Scottsdale, Arizona, USA},
    pages = {269--280},
    numpages = {12},
    url = {http://doi.acm.org/10.1145/3029806.3029832},
    doi = {10.1145/3029806.3029832},
    acmid = {3029832},
    publisher = {ACM},
    address = {New York, NY, USA},
    keywords = {docker images, security vulnerabilities, vulnerability propagation},
}

@article{7742298,
    author={T. {Combe} and A. {Martin} and R. {Di Pietro}},
    journal={IEEE Cloud Computing},
    title={To Docker or Not to Docker: A Security Perspective},
    year={2016},
    volume={3},
    number={5},
    pages={54-62},
    keywords={cloud computing;security of data;software tools;security perspective;cloud-based infrastructures;packaging tool;software delivery tool;container ecosystem;Docker environment security;Product life cycle management;Computer security;Cost benefit analysis;Cloud computing;Linux;Containers;Virtual networks;cloud computing;virtualization;containers;Docker;security},
    doi={10.1109/MCC.2016.100},
    ISSN={},
    month={Sep.},
}

// Links

@misc{cissite,
  title = {{CIS Benchmarks}},
  howpublished = {\url{https://cisecurity.org/cis-benchmarks/}},
}

@misc{dockerdaemonattacksurface,
  title = {{Docker Daemon Attack Surface}},
  howpublished = {\url{https://docs.docker.com/engine/security/security/\#docker-daemon-attack-surface}}
}

@misc{dockerfilereference,
  title = {{Dockerfile Reference}},
  howpublished = {\url{https://docs.docker.com/engine/reference/builder/}}
}

@misc{cve20177308,
  title = {Exploiting the Linux kernel via packet sockets},
  howpublished = {\url{https://googleprojectzero.blogspot.com/2017/05/exploiting-linux-kernel-via-packet.html}}
}

// Reports

@techreport{cis,
    author = {{Center for Internet Security}},
    institution = "Center for Internet Security",
    title = {{CIS Docker Benchmark}},
    year =  "2019",
    month = "07",
}

// CVEs

@misc{CVE-2019-16884-Github,
  title = {AppArmor can be bypassed by a malicious image that specifies a volume at /proc},
  author = {leoluk},
  howpublished = {\url{https://github.com/opencontainers/runc/issues/2128}}
}

@misc{CVE-2019-13139-STAALDRAAD,
  title = {Docker build code execution},
  author = {staaldraad},
  howpublished = {\url{https://staaldraad.github.io/post/2019-07-16-cve-2019-13139-docker-build/}}
}

@misc{CVE-2019-5736-DragonSector,
  title = {{CVE}-2019-5736: Escape from Docker and Kubernetes containers to root on host},
  author = {Adam Iwaniuk},
  howpublished = {\url{https://blog.dragonsector.pl/2019/02/cve-2019-5736-escape-from-docker-and.html}}
}

@misc{CVE-2019-5736-Github,
  title = {{CVE}-2019-5736-{PoC}},
  author = {Frichetten},
  howpublished = {\url{https://github.com/Frichetten/CVE-2019-5736-PoC}}
}

@misc{CVE-2019-5736-Twistlock,
  title = {Breaking out of Docker via {runC}},
  author = {Yuval Avrahami},
  howpublished = {\url{https://www.twistlock.com/labs-blog/breaking-docker-via-runc-explaining-cve-2019-5736/}}
}

@misc{CVE-2019-5021-Talos,
  title = {Alpine Linux Docker Image root User Hard-Coded Credential Vulnerability},
  howpublished = {\url{https://talosintelligence.com/vulnerability_reports/TALOS-2019-0782}}
}

@misc{CVE-2019-5021-Alpine,
  title = {Docker Image Vulnerability ({CVE}-2019-5021)},
  howpublished = {\url{https://alpinelinux.org/posts/Docker-image-vulnerability-CVE-2019-5021.html}}
}

@misc{CVE-2018-15664-Openwall,
  title = {docker (all versions) is vulnerable to a symlink-race attack},
  author = {Aleksa Sarai},
  howpublished = {\url{https://www.openwall.com/lists/oss-security/2019/05/28/1}}
}

@misc{CVE-2018-15664-Bugzilla,
  title = {docker cp is vulnerable to symlink-exchange race attacks},
  author = {Marcus Meissner},
  howpublished = {\url{https://alpinelinux.org/posts/Docker-image-vulnerability-CVE-2019-5021.html}}
}

@misc{CVE-2018-10892-Github,
  title = {Add /proc/acpi to masked paths},
  author = {runcom},
  howpublished = {\url{https://github.com/moby/moby/pull/37404}}
}

@misc{CVE-2018-9862-Github,
  title = {Security: fix a issue (similar to runc {CVE}-2016-3697)},
  author = {keloyang},
  howpublished = {\url{https://github.com/hyperhq/hyperstart/pull/348}}
}

@misc{CVE-2017-5123-Twistlock,
  title = {Escaping Docker container using waitid()},
  author = {Daniel Shapira},
  howpublished = {\url{https://www.twistlock.com/labs-blog/escaping-docker-container-using-waitid-cve-2017-5123/}}
}

@misc{CVE-2016-3697-Github,
  title = {Numeric user id passed to --user interpreted as user name if user name is numeric in container /etc/passwd},
  author = {jordmoz},
  howpublished = {\url{https://github.com/moby/moby/issues/21436}}
}

@misc{CVE-2015-363-Seclists,
  title = {Docker 1.6.1 - Security Advisory},
  author = {Eric Windisch},
  howpublished = {\url{https://seclists.org/fulldisclosure/2015/May/28}}
}
