@techreport{cis,
    author = "Center for Internet Security",
    title = "CIS Docker Benchmark",
    year =  "2019",
    month = "07",
}
